@article{White2019,
	author = {White, Malcolm C.~A. and Ben‐Zion, Yehuda and Vernon, Frank ~L.},
	doi = {10.1029/2019JB017641},
	journal = {Journal of Geophysical Research: Solid Earth},
	pages = {6908--6930},
	title = {{A Detailed Earthquake Catalog for the San Jacinto Fault‐Zone Region in Southern California}},
	volume = {124},
	year = {2019}
}